
@book{AegidiusRomanus:1699,
  title = {In primum librum Sententiarum},
  author = {{{Aegidius Romanus}}},
  date = {1699},
  publisher = {apud Lazarum de Risquez et Antorium Rosellon},
  location = {Córdoba}
}

@book{Ashworth:1974,
  title = {Language and Logic in the Post-Medieval Period},
  author = {Ashworth, E. J.},
  date = {1974},
  publisher = {D. Reidel Publishing Company},
  location = {Dordrecht, Boston}
}

@book{AugustinusHipponensis:1891,
  title = {Contra Faustum},
  author = {{{Augustinus Hipponensis}}},
  editor = {Zycha, Josephus},
  date = {1891},
  series = {CCEL},
  volume = {1},
  number = {25},
  publisher = {F. Tempsky},
  location = {Viena}
}

@article{Beuchot:1989,
  title = {El problema de los universales en Juan de Santo Tomás},
  author = {Beuchot, Mauricio},
  date = {1989},
  journaltitle = {Revista de Filosofía de la Universidad del Zulia},
  volume = {8},
  number = {2},
  pages = {34--42}
}

@article{CampodelPozo:1993,
  title = {Las profesiones religiosas del Convento de San Agustín de Santafé de Bogotá (1637-1757)},
  author = {Campo del Pozo, Fernando},
  date = {1993},
  journaltitle = {Archivo Agustiniano},
  volume = {77},
  number = {193},
  pages = {19--73},
  url = {https://www.agustinosvalladolid.es/estudio/investigacion/archivoagustiniano/archivofondos/archivo1993/archivo_1993_02.pdf}
}

@article{CampodelPozo:1996,
  title = {Textos de tres agustinos en la Universidad de San Nicolás de Bari, en Santafé de Bogotá, durante el siglo XVIII: Francisco de San José, Gregorio Agustín Salgado y Diego Francisco Padilla},
  author = {Campo del Pozo, Fernando},
  date = {1996},
  journaltitle = {Archivo Agustiniano},
  volume = {80},
  number = {198},
  pages = {53--75},
  url = {https://agustinosvalladolid.es/estudio/investigacion/archivoagustiniano/archivofondos/archivo1996/archivo_1996_03.pdf}
}

@article{Carvalho:1999,
  title = {Medieval Influences in the Coimbra Commentaries (An Inquiry Into the Foundations of Jesuit Education)},
  author = {family=Carvalho, given=Mário Santiago, prefix=de, useprefix=false},
  date = {1999},
  journaltitle = {Patristica et Mediaevalia},
  volume = {20},
  pages = {19--37}
}

@article{Carvalho:2007,
  title = {The Coimbra Jesuits’ Doctrine on Universals (1577-1606)},
  author = {family=Carvalho, given=Mário Santiago, prefix=de, useprefix=false},
  date = {2007},
  journaltitle = {Documenti e studi sulla tradizione filosofica medievale},
  volume = {18},
  pages = {531--543}
}

@book{Carvalho:2018,
  title = {The Coimbra Jesuit Aristotelian Course},
  author = {family=Carvalho, given=Mário Santiago, prefix=de, useprefix=false},
  date = {2018},
  publisher = {Imprensa da Universidade de Coimbra},
  location = {Coímbra}
}

@book{CollegiumcomplutenseS.CyrilliDiscalceatorumFratrumBeataMariadeMonteCarmeli:1624,
  title = {Artium cursus sive Disputationes in Aristotelis Dialecticam et Philosophiam naturalem iuxta Angelici Doctoris D. Thomae Doctrinam et Scholam},
  author = {{{Collegium Conimbricense e Societate Iesu}}},
  date = {1624},
  publisher = {apud Ioannem de Orduña},
  location = {Alcalá de Henares}
}

@book{CommentariiCollegiiConimbricensiseSocietateIesu:1622,
  title = {In universam Dialecticam Aristotelis Stagiritae},
  author = {{{Collegium Conimbricense e Societate Iesu}}},
  date = {1622},
  volume = {Prima Pars},
  publisher = {sumpt. Iacobi Cardon et Petri Cavellat},
  location = {Lyon}
}

@incollection{Conti:1999,
  title = {Second Intentions in the Late Middle Ages},
  booktitle = {Medieval Analyses in Language and Cognition: Acts of the Symposium, the Copenhagen School of Medieval Philosophy, January 10-13, 1996. Organized by the Royal Danish Academy of Sciences and Letters and the Institute for Greek and Latin, University of Copenhagen},
  author = {Conti, Alessandro D.},
  editor = {Ebbesen, Sten and Friedman, Russell L.},
  date = {1999},
  pages = {453--470},
  publisher = {The Royal Danish Academy of Sciences and Letters},
  location = {Copenhagen}
}

@book{deLibera:2016,
  title = {La cuestión de los universales. De Platón a fines de la Edad Media},
  author = {family=Libera, given=Alain, prefix=de, useprefix=true},
  date = {2016},
  publisher = {Prometeo Libros},
  location = {Buenos Aires}
}

@article{Dias:1964,
  title = {A Isagoge de Porfírio na Lógica Conimbricense},
  author = {Dias, Arnaldo de Pinho},
  date = {1964},
  journaltitle = {Revista Portuguesa de Filosofia},
  volume = {20},
  number = {1-2},
  pages = {108--130}
}

@incollection{DOnofrio:2016,
  title = {Notes concerning the Ontological Status of the Objective Concept of the ens rationis in Antonio Rubio’s Teaching},
  booktitle = {Scholastica colonialis: Reception and Development of Baroque Scholasticism in Latin America, 16th-18th Centuries},
  author = {D’Onofrio, Sandro R.},
  editor = {Hofmeister Pich, Roberto and Culleton, Alfredo Santiago},
  date = {2016},
  pages = {207--229},
  publisher = {Fédération Internationale des Instituts d’Études Médiévales},
  location = {Roma}
}

@article{Doyle:1987,
  title = {Suarez on Beings of Reason and Truth},
  author = {Doyle, John P.},
  date = {1987},
  journaltitle = {Vivarium},
  volume = {25},
  number = {1},
  pages = {45--75}
}

@article{Doyle:1988,
  title = {Suarez on Beings of Reason and Truth (2)},
  author = {Doyle, John P.},
  date = {1988},
  journaltitle = {Vivarium},
  volume = {26},
  number = {1},
  pages = {51--72}
}

@book{Gallego:1623,
  title = {Controversiae artium in Defensionem Doctrinae Angelici Doctoris D. Thomae},
  author = {Gallego, Barnaba},
  date = {1623},
  volume = {Tomus primus},
  publisher = {apud Thomam Iuntam},
  location = {Madrid}
}

@article{Galluzzo:2004,
  title = {Aquinas on Common Nature and Universals},
  author = {Galluzzo, Gabriele},
  date = {2004},
  journaltitle = {Recherches de Theologie Et Philosophie Medievales},
  volume = {71},
  number = {1},
  pages = {131--171}
}

@article{Galluzzo:2008,
  title = {The Problem of Universals and Its History. Some General Considerations},
  author = {Galluzzo, Gabriele},
  date = {2008},
  journaltitle = {Documenti e studi sulla tradizione filosofica medievale},
  volume = {19},
  pages = {335--369}
}

@article{Heider:2012,
  title = {John Poinsot (1589–1644) on the Universale Materialiter Sumptum: A Dual Viewpoint},
  author = {Heider, Daniel},
  date = {2012},
  journaltitle = {The Modern Schoolman},
  volume = {89},
  number = {1-2},
  pages = {47--63}
}

@book{Heider:2014,
  title = {Universals in Second Scholasticism. A comparative study with focus on the theories of Francisco Suárez S.J. (1548–1617), João Poinsot O.P. (1589–1644) and Bartolomeo Mastri da Meldola O.F.M. Conv. (1602–1673)/Bonaventura Belluto O.F.M. Conv. (1600–1676)},
  author = {Heider, Daniel},
  date = {2014},
  publisher = {John Benjamins Publishing Company},
  location = {Amsterdam, Philadelphia}
}

@article{Heider:2016,
  title = {The Notitia Intuitiva and Notitia Abstractiva of the External Senses in Second Scholasticism: Suárez, Poinsot and Francisco de Oviedo},
  author = {Heider, Daniel},
  date = {2016},
  journaltitle = {Vivarium},
  volume = {54},
  number = {2-3},
  pages = {173--203}
}

@incollection{LertoraMendoza:2000,
  title = {La difusión de Suárez en las aulas coloniales. Notas para la historia de la Escolástica americana},
  booktitle = {Filosofía hispánica y diálogo intercultural. Actas del X seminario de Historia de la filosofía española e iberoamericana, Universidad de Salamanca, 23 al 27 de septiembre de 1996},
  author = {Lértora Mendoza, Celina Ana},
  editor = {Albares Albares, Roberto and Heredia Soriano, Antonio and Piñero Moral, Ricardo},
  date = {2000},
  pages = {161--179},
  publisher = {Fundación Gustavo Bueno},
  location = {Salamanca}
}

@article{Melo:1962,
  title = {Notas sobre algunos textos filosóficos de la Colonia},
  author = {Melo, Jorge Orlando},
  date = {1962},
  journaltitle = {Ideas y Valores},
  volume = {4},
  number = {14},
  pages = {43--56}
}

@incollection{Menn:1997,
  title = {Suárez, Nominalism, and Modes},
  booktitle = {Hispanic Philosophy in the Age of Discovery},
  author = {Menn, Stephen.},
  date = {1997},
  pages = {226--256},
  publisher = {The Catholic University of America Press},
  location = {Washington D.C.}
}

@article{MunozDelgado:1964,
  title = {La lógica en Salamanca durante la primera mitad del siglo XVI},
  author = {Muñoz Delgado, Vicente},
  date = {1964},
  journaltitle = {Salmanticensis},
  volume = {14},
  number = {1},
  pages = {171--207}
}

@article{MunozDelgado:1968,
  title = {La lógica en la Universidad de Alcalá durante la primera mitad del siglo XVI},
  author = {Muñoz Delgado, Vicente},
  date = {1968},
  journaltitle = {Salmanticensis},
  volume = {15},
  number = {1},
  pages = {161--218}
}

@article{Novotny:2006,
  title = {Prolegomena to a Study of Beings of Reason in Post-Suarezian Scholasticism, 1600–1650},
  author = {Novotný, Daniel Dominik},
  date = {2006},
  journaltitle = {Studia Neoaristotelica},
  volume = {3},
  number = {2},
  pages = {117--141}
}

@incollection{Novotny:2010,
  title = {Rubio and Suárez: A Comparative Study on the Nature of Entia Rationis},
  booktitle = {Bohemia Jesuitica 1556-2006},
  author = {Novotný, Daniel D.},
  editor = {Cemus, Petronilla},
  date = {2010},
  pages = {477--490},
  publisher = {Karolinum,},
  location = {Praga}
}

@book{Novotny:2013,
  title = {Ens rationis from Suárez to Caramuel. A Study in Scholasticism of the Baroque Era},
  author = {Novotný, Daniel D.},
  date = {2013},
  series = {Medieval Philosophy. Texts and Studies},
  publisher = {Fordham University Press},
  location = {New York}
}

@book{PerezOSB:1604,
  title = {Laurea Salmantina: Continens Pro Parte priori scholastica decem, et totidem interiecta certamina expositiua},
  author = {{{Antonius Perez}}},
  date = {1604},
  publisher = {excudebat Artus Taberniel},
  location = {Salamanca}
}

@inbook{PoncelaGonzalez:2018,
  title = {Francisco Suárez y el problema de los universales: ¿Una solución nominalista?},
  booktitle = {Entre el Renacimiento y la Modernidad: Francisco Suárez (1548-1617)},
  author = {Poncela González, Ángel},
  date = {2018},
  series = {Colección Instituto de Estudios Hispánicos en La Modernidad (IEHM)},
  pages = {19--31},
  publisher = {Editorial Sindéresis},
  location = {Salamanca},
  bookauthor = {Fuerte Herrero, José Luis and Lázaro Pulido, Manuel and Poncela González, Ángel and Zorroza, María Idoya}
}

@article{Redmond:1969,
  title = {Juan de Espinosa Medrano: Sobre la naturaleza de los universales},
  author = {{{Thomas Aquinas}}},
  date = {1969},
  journaltitle = {Separata de Humanidades de la Pontificia Universidad Católica del Perú (PUCP)},
  volume = {3},
  pages = {131--185}
}

@book{ThomasAquinas:1964,
  title = {In duodecim libros Metaphysicorum Aristotelis Expositio},
  author = {{{Thomas Aquinas}}},
  editor = {Cathala, O.P., M.-R. and Spiazzi, O.P., Raimundus M.},
  date = {1964},
  publisher = {Marietti},
  location = {Taurini-Roma}
}

@book{ThomasAquinas:1976,
  title = {De ente et essentia},
  author = {{{Thomas Aquinas}}},
  date = {1976},
  series = {Opera omnia},
  volume = {XLIII},
  publisher = {Editori di San Tomasso},
  location = {Roma},
  pagetotal = {315-386}
}

@incollection{Trentman:1982,
  title = {Scholasticism in the Seventeenth Century},
  booktitle = {The Cambridge History of Later Medieval Philosophy: From the Rediscovery of Aristotle to the Disintegration of Scholasticism, 1100-1600},
  author = {Trentman, John A.},
  editor = {Kretzmann, Norman and Kenny, Anthony and Pinborg, Jan},
  date = {1982},
  pages = {818--837},
  publisher = {Cambridge University Press},
  location = {Cambridge}
}

@incollection{Wood:2011,
  title = {Aquinas, Scotus, and Cajetan on “Horseness is Just Horseness”},
  booktitle = {Medieval Metaphysics, or is it “Just Semantics”? Volume 7: Proceedings of the Society for Medieval Logic and Metaphysics},
  author = {Wood, Adam},
  editor = {Klima, Gyula and Hall, Alexander W.},
  date = {2011},
  pages = {69--84},
  publisher = {Cambridge Scholars Publishing},
  location = {Newcastle upon Tyne}
}


